<?xml version="1.0" encoding="UTF-8"?><collection xmlns="http://www.loc.gov/MARC21/slim"><record><leader>00327nam--2200133-i-4500</leader><controlfield tag="001">000030212</controlfield><controlfield tag="002">20161230</controlfield><controlfield tag="005">20161230201038</controlfield><controlfield tag="008">060222s1000------------r-----000-0-eng-d</controlfield><datafield ind1=" " ind2=" " tag="080"><subfield code="a">541.5</subfield></datafield><datafield ind1=" " ind2=" " tag="245"><subfield code="a">Molecular interactions</subfield></datafield><datafield ind1=" " ind2=" " tag="260"><subfield code="a">Chichester, John Wiley And Sons, 1980, Xxi + 415p</subfield></datafield><datafield ind1=" " ind2=" " tag="700"><subfield code="a">Ratajczak, H</subfield></datafield><datafield ind1=" " ind2=" " tag="852"><subfield code="a">77529</subfield></datafield></record></collection>